@inbook{book1,
place={Cambridge},
title={Cooperative Communications and Networking}, 
chapter={4},
DOI={10.1017/CBO9780511754524},
publisher={Cambridge University Press},
author={Liu, K. J. Ray and Sadek, Ahmed K. and Su, Weifeng and Kwasinski, Andres},
year={2008},
}

@ARTICLE{journal1,
  author={Okati, Niloofar and Riihonen, Taneli and Korpi, Dani and Angervuori, Ilari and Wichman, Risto},
  journal={IEEE Trans. on Commun.}, 
  title={Downlink Coverage and Rate Analysis of Low Earth Orbit Satellite Constellations Using Stochastic Geometry}, 
  year={2020},
  volume={68},
  number={8},
  pages={5120-5134},
}

@article{conference1,
    title = {Direct-To-Satellite {IoT} - A Survey of the State of the Art and Future Research Perspectives: Backhauling the {IoT} Through {LEO} Satellites},
    author = {J. {Fraire}, S. {CÃ©spedes}, N. {Accettura}},
    journal = {{ADHOC-NOW}: Ad-Hoc, Mobile, and Wireless Networks},
    year = {2019},
    pages = {241-258},
}

@article{link1,
    title = "Some title",
    author = {{An ultra-low cost sensor service for small amounts of data}},
    journal={Lacuna Space},
    year = {2023},
    url = {https://lacuna.space/},
    note = {(Accessed 15 Oct. 2022)},
}