@article{guan20233d,
  title = {3d equivariant diffusion for target-aware molecule generation and
           affinity prediction},
  author = {Guan, Jiaqi and Qian, Wesley Wei and Peng, Xingang and Su, Yufeng
            and Peng, Jian and Ma, Jianzhu},
  Conference = {The Eleventh International Conference on Learning
                Representations},
  year = {2023},
  doi = {https://arxiv.org/pdf/2303.03543.pdf},
}

@article{schneider2020rethinking,
  author = {Schneider, P. and Walters, W.P. and Plowright, A.T. et al.},
  title = {Rethinking drug design in the artificial intelligence era},
  journal = {Nat Rev Drug Discov},
  volume = 19,
  pages = {353--364},
  year = 2020,
  doi = {10.1038/s41573-019-0050-3},
}

@article{kitchen2004docking,
  author = {Kitchen, D.B. and Decornez H, Furr JR, Bajorath J.},
  title = {Docking and scoring in virtual screening for drug discovery: methods
           and applications},
  journal = {Nat Rev Drug Discov},
  volume = 3,
  pages = {935--49},
  year = 2004,
  doi = {10.1038/nrd1549},
}

@article{shoichet2004virtual,
  author = {Shoichet and Brian K.},
  title = {Virtual screening of chemical libraries},
  journal = {Nature},
  volume = 432,
  pages = {862--5},
  year = 2004,
  doi = {10.1038/nature03197},
}

@article{cherkasov2014qsar,
  author = {Cherkasov and Artem et al.},
  title = {QSAR modeling: where have you been? Where are you going to?},
  journal = {Journal of medicinal chemistry},
  volume = 57,
  pages = {4977--5010},
  year = 2014,
  doi = {10.1021/jm4004285},
}

@article{gawehn2016dl,
  author = {Gawehn and Erik et al.},
  title = {Deep Learning in Drug Discovery},
  journal = {Molecular informatics},
  volume = 35,
  pages = {3--14},
  year = 2016,
  doi = {10.1002/minf.201501008},
}

@article{zeng2022deep,
  author = {Xiangxiang Zeng and Fei Wang and Yuan Luo and Seung-gu Kang and Jian
            Tang and Felice C. Lightstone and Evandro F. Fang and Wendy Cornell
            and Ruth Nussinov and Feixiong Cheng},
  title = {Deep generative molecular design reshapes drug discovery},
  journal = {Cell Reports Medicine},
  volume = {3},
  pages = {100794},
  year = {2022},
  doi = {10.1016/j.xcrm.2022.100794},
  url = {https://www.sciencedirect.com/science/article/pii/S2666379122003494},
}

@article{wang2022therapeutic,
  author = {Wang, L. and Wang, N. and Zhang, W.},
  title = {Therapeutic peptides: current applications and future directions},
  journal = {Sig Transduct Target Ther},
  volume = 7,
  year = 2022,
  doi = {10.1038/s41392-022-00904-4},
}

@article{madani2011mech,
  author = {Madani and Fatemeh et al.},
  title = {Mechanisms of cellular uptake of cell-penetrating peptides},
  journal = {Journal of biophysics},
  volume = 2011,
  year = 2011,
  doi = {10.1155/2011/414729},
}

@article{cesar2023adv,
  author = {Angela Cesaro and Shuangzhe Lin and Norbert Pardi and Cesar {de la
            Fuente-Nunez}},
  title = {Advanced delivery systems for peptide antibiotics},
  journal = {Advanced Drug Delivery Reviews},
  volume = {196},
  pages = {114733},
  year = {2023},
  doi = {10.1016/j.addr.2023.114733},
  url = {https://www.sciencedirect.com/science/article/pii/S0169409X23000480},
}

@article{purcell2007vaccine,
  author = {Purcell and Anthony W et al.},
  title = {More than one reason to rethink the use of peptides in vaccine design
           },
  journal = {Nat Rev Drug Discov},
  volume = 6,
  pages = {404--14},
  year = 2007,
  doi = {10.1038/nrd2224},
}

@article{muttenthaler2021trends,
  author = {Muttenthaler and Markus et al.},
  title = {Trends in peptide drug discovery},
  journal = {Nat Rev Drug Discov},
  volume = 20,
  pages = {309--325},
  year = 2021,
  doi = {10.1038/s41573-020-00135-8},
}

@article{hayes2021cycl,
  author = {Heather C. Hayes and Louis Y. P. Luk and Yu-Hsuan Tsai},
  title = {Approaches for peptide and protein cyclisation},
  journal = {Org Biomol Chem},
  volume = 19,
  pages = {3983-4001},
  year = 2021,
  doi = {10.1039/d1ob00411e},
}

@article{li2022nonnat,
  author = {Li. Yiwen and Dalby. Paul A.},
  title = {Engineering of enzymes using non-natural amino acids},
  journal = {Biosci Rep},
  volume = 42,
  year = 2022,
  doi = {10.1042/BSR20220168},
}

@article{duguma2022ethiopia,
  author = {Duguma and Tadesse et al.},
  title = {Prevalence of Malaria and Associated Risk Factors among the Community
           of Mizan-Aman Town and Its Catchment Area in Southwest Ethiopia},
  journal = {Journal of parasitology research},
  volume = 2022,
  year = 2022,
  doi = {10.1155/2022/3503317},
}

@article{ghosh2021malaria,
  author = {Ghosh, B. and Choudhuri, S.},
  title = {Drug Design for Malaria with Artificial Intelligence (AI)},
  journal = {IntechOpen},
  volume = 2021,
  year = 2021,
  doi = {10.5772/intechopen.98695},
}

@article{jain2022pregnancy,
  author = {Jain and Khushi et al.},
  title = {Prevalence of Pregnancy Associated Malaria in India},
  journal = {Frontiers in global women's health},
  volume = 3,
  year = 2022,
  doi = {10.3389/fgwh.2022.832880},
}

@article{cristina2020pregnancy,
  author = {Deisy Cristina Restrepo-Posada and Jaime Carmona-Fonseca and
            Jaiberth Antonio Cardona-Arias},
  title = {Systematic review of microeconomic analysis of pregnancy-associated
           malaria},
  journal = {Heliyon},
  volume = 6,
  year = 2020,
  doi = {10.1016/j.heliyon.2020.e04558},
}

@article{fairhurst2012artemisinin,
  author = {Fairhurst and Rick M et al.},
  title = {Artemisinin-resistant malaria: research challenges, opportunities,
           and public health implications.},
  journal = {The American journal of tropical medicine and hygiene},
  volume = 87,
  year = 2012,
  doi = {10.4269/ajtmh.2012.12-0025},
}

@article{shukla2022super,
  author = {Swarnim Shukla and Soham Choudhuri and Gayathri Priya Iragavarapu
            and and Bhaswar Ghosh},
  title = {Supervised learning of Plasmodium falciparum life cycle stages using
           single-cell transcriptomes identifies crucial proteins},
  journal = {Journal of Bioinformatics and Systems Biology},
  volume = 6,
  year = 2023,
  url = {
         https://www.fortunejournals.com/articles/supervised-learning-of-plasmodium-falciparum-life-cycle-stages-using-singlecell-transcriptomes-identifies-crucial-proteins.html
         },
}

@article{li2009pfemp1,
  author = {Xuerong Li and Huiqing Chen and Noemi Bahamontes-Rosa and Jurgen
            F.J. Kun and Boubacar Traore and Peter D. Crompton and Athar H.
            Chishti},
  title = {Plasmodium falciparum signal peptide peptidase is a promising drug
           target against blood stage malaria},
  journal = {Biochemical and Biophysical Research Communications},
  volume = {380},
  number = {3},
  pages = {454-459},
  year = {2009},
  doi = {10.1016/j.bbrc.2009.01.083},
  url = {https://www.sciencedirect.com/science/article/pii/S0006291X0900120X},
}

@article{jensen2020pfemp1,
  author = {Anja Ramstedt Jensen and Yvonne Adams and Lars Hviid},
  title = {Cerebral Plasmodium falciparum malaria: The role of PfEMP1 in its
           pathogenesis and immunity, and PfEMP1‚Äêbased vaccines to prevent it},
  journal = {Immunol Rev},
  volume = {293},
  pages = {230-252},
  year = {2020},
  doi = {10.1111/imr.12807},
}

@article{chang2022rational,
  author = {Chang, Liwei and Mondal, Arup and Perez, Alberto},
  title = {Towards rational computational peptide design},
  journaL = {Frontiers in Bioinformatics},
  volume = {2},
  year = {2022},
  url = {https://www.frontiersin.org/articles/10.3389/fbinf.2022.1046493},
  doi = {10.3389/fbinf.2022.1046493},
}

@inproceedings{sohl2015deep,
  title = {Deep unsupervised learning using nonequilibrium thermodynamics},
  author = {Sohl-Dickstein, Jascha and Weiss, Eric and Maheswaranathan, Niru and
            Ganguli, Surya},
  booktitle = {International conference on machine learning},
  pages = {2256--2265},
  year = {2015},
  organization = {PMLR},
  doi = {http://proceedings.mlr.press/v37/sohl-dickstein15.pdf},
}

@article{ho2020denoising,
  title = {Denoising diffusion probabilistic models},
  author = {Ho, Jonathan and Jain, Ajay and Abbeel, Pieter},
  journal = {Advances in neural information processing systems},
  volume = {33},
  pages = {6840--6851},
  year = {2020},
  doi = {
         https://proceedings.neurips.cc/paper_files/paper/2020/file/4c5bcfec8584af0d967f1ab10179ca4b-Paper.pdf
         },
}

@article{weininger1988smiles,
  title = {SMILES, a chemical language and information system. 1. Introduction
           to methodology and encoding rules},
  author = {Weininger, David},
  journal = {Journal of chemical information and computer sciences},
  volume = {28},
  number = {1},
  pages = {31--36},
  year = {1988},
  doi = {https://doi.org/10.1021/ci00057a005},
}

@article{du2022molgensurvey,
  title = {Molgensurvey: A systematic survey in machine learning models for
           molecule design},
  author = {Du, Yuanqi and Fu, Tianfan and Sun, Jimeng and Liu, Shengchao},
  journal = {arXiv preprint arXiv:2203.14500},
  year = {2022},
  doi = {https://arxiv.org/pdf/2203.14500.pdf},
}

@inproceedings{kohler2020equivariant,
  title = {Equivariant flows: exact likelihood generative learning for symmetric
           densities},
  author = {K{\"o}hler, Jonas and Klein, Leon and No{\'e}, Frank},
  booktitle = {International conference on machine learning},
  pages = {5361--5370},
  year = {2020},
  doi = {https://proceedings.mlr.press/v119/kohler20a/kohler20a.pdf},
}
@article{xu2022geodiff,
  title = {Geodiff: A geometric diffusion model for molecular conformation
           generation},
  author = {Xu, Minkai and Yu, Lantao and Song, Yang and Shi, Chence and Ermon,
            Stefano and Tang, Jian},
  journal = {arXiv preprint arXiv:2203.02923},
  year = {2022},
  doi = {https://arxiv.org/pdf/2203.02923.pdf},
}

@article{halgren1996merck,
  title = {Merck molecular force field. I. Basis, form, scope, parameterization,
           and performance of MMFF94},
  author = {Halgren, Thomas A},
  journal = {Journal of computational chemistry},
  volume = {17},
  number = {5-6},
  pages = {490--519},
  year = {1996},
  doi = {
         https://doi.org/10.1002/(SICI)1096-987X(199604)17:5/6<490::AID-JCC1>3.0.CO;2-P
         },
}

@article{trott2010autodock,
  title = {AutoDock Vina: improving the speed and accuracy of docking with a new
           scoring function, efficient optimization, and multithreading},
  author = {Trott, Oleg and Olson, Arthur J},
  journal = {Journal of computational chemistry},
  volume = {31},
  number = {2},
  pages = {455--461},
  year = {2010},
  doi = { https://doi.org/10.1002/jcc.21334},
}

@article{head1985broyden,
  title = {A Broyden‚ÄîFletcher‚ÄîGoldfarb‚ÄîShanno optimization procedure for
           molecular geometries},
  author = {Head, John D and Zerner, Michael C},
  journal = {Chemical physics letters},
  volume = {122},
  number = {3},
  pages = {264--270},
  year = {1985},
  doi = {https://doi.org/10.1016/0009-2614(85)80574-1},
}

@book{holland1992adaptation,
  title = {Adaptation in natural and artificial systems: an introductory
           analysis with applications to biology, control, and artificial
           intelligence},
  author = {Holland, John H},
  year = {1992},
  doi = {https://doi.org/10.7551/mitpress/1090.001.0001},
}

@article{kirkpatrick1983optimization,
  title = {Optimization by simulated annealing},
  author = {Kirkpatrick, Scott and Gelatt Jr, C Daniel and Vecchi, Mario P},
  journal = {science},
  volume = {220},
  number = {4598},
  pages = {671--680},
  year = {1983},
  doi = {DOI: 10.1126/science.220.4598.671},
}

@inproceedings{eberhart1995new,
  title = {A new optimizer using particle swarm theory},
  author = {Eberhart, Russell and Kennedy, James},
  booktitle = {MHS'95. Proceedings of the sixth international symposium on micro
               machine and human science},
  pages = {39-43},
  year = {1995},
  doi = {10.1109/MHS.1995.494215},
}

@inproceedings{kennedy1995particle,
  title = {Particle swarm optimization},
  author = {Kennedy, James and Eberhart, Russell},
  booktitle = {Proceedings of ICNN'95-international conference on neural
               networks},
  volume = {4},
  pages = {1942--1948},
  year = {1995},
  doi = {10.1109/ICNN.1995.487708},
}

@article{Wen2019,
  author = {Wen, Z. and He, J. and Tao, H. and Huang, SY.},
  title = {PepBDB: a comprehensive structural database of biological
           peptide-protein interactions.},
  journal = {Bioinformatics},
  volume = {35},
  pages = {175-177},
  year = {2019},
  doi = {10.1093/bioinformatics/bty579},
}

@article{kingma2014adam,
  title = {Adam: A method for stochastic optimization},
  author = {Kingma, Diederik P and Ba, Jimmy},
  journal = {arXiv preprint arXiv:1412.6980},
  year = {2014},
  doi = {https://arxiv.org/pdf/1412.6980.pdf},
}

@article{Yuan2013,
  author = {Yuan, Y. and Pei, J. and Lai, L.},
  title = {Binding site detection and druggability prediction of protein targets
           for structure-based drug design},
  journal = {Curr Pharm Des},
  volume = {19},
  pages = {2326-33},
  year = {2013},
  doi = {10.2174/1381612811319120019},
}

@article{nugrahadi2023designing,
  title = {Designing Formulation Strategies for Enhanced Stability of
           Therapeutic Peptides in Aqueous Solutions: A Review},
  author = {Nugrahadi, Primawan Putra and Hinrichs, Wouter LJ and Frijlink,
            Henderik W and Sch{\"o}neich, Christian and Avanti, Christina},
  journal = {Pharmaceutics},
  volume = {15},
  number = {3},
  pages = {935},
  year = {2023},
  doi = {https://doi.org/10.3390/pharmaceutics15030935},
}

@article{madani2011mechanisms,
  title = {Mechanisms of cellular uptake of cell-penetrating peptides},
  author = {Madani, Fatemeh and Lindberg, Staffan and Langel, {\"U}lo and Futaki
            , Shiroh and Gr{\"a}slund, Astrid},
  journal = {Journal of biophysics},
  volume = {2011},
  year = {2011},
  doi = {10.1155/2011/414729},
}

@article{erckes2022story,
  title = {A story of peptides, lipophilicity and chromatography--back and forth
           in time},
  author = {Erckes, Vanessa and Steuer, Christian},
  journal = {RSC Medicinal Chemistry},
  volume = {13},
  number = {6},
  pages = {676--687},
  year = {2022},
  doi = {10.1039/d2md00027j},
}

@article{frolov2022pichemist,
  title = {pIChemiSt‚îÄ free tool for the calculation of isoelectric points of
           modified peptides},
  author = {Frolov, Andrey I and Chankeshwara, Sunay V and Abdulkarim, Zeyed and
            Ghiandoni, Gian Marco},
  journal = {Journal of Chemical Information and Modeling},
  volume = {63},
  number = {1},
  pages = {187--196},
  year = {2022},
  doi = {10.1021/acs.jcim.2c01261},
}

@article{penchala2015biomimetic,
  title = {A biomimetic approach for enhancing the in vivo half-life of peptides
           },
  author = {Penchala, Sravan C and Miller, Mark R and Pal, Arindom and Dong, Jin
            and Madadi, Nikhil R and Xie, Jinghang and Joo, Hyun and Tsai, Jerry
            and Batoon, Patrick and Samoshin, Vyacheslav and others},
  journal = {Nature chemical biology},
  volume = {11},
  number = {10},
  pages = {793--798},
  year = {2015},
  doi = {10.1038/nchembio.1907},
}

@article{Guruprasad1990,
  author = {Guruprasad K and Reddy BV and Pandit MW.},
  title = {Correlation between stability of a protein and its dipeptide
           composition: a novel approach for predicting in vivo stability of a
           protein from its primary sequence.},
  journal = {Protein Eng.},
  volume = {4},
  pages = {155-61},
  year = {1990},
  doi = {10.1093/protein/4.2.155},
}

@article{panda2012physicochemical,
  title = {Physicochemical characterization and functional analysis of some
           snake venom toxin proteins and related non-toxin proteins of other
           chordates},
  author = {Panda, Subhamay and Chandra, Goutam},
  journal = {Bioinformation},
  volume = {8},
  number = {18},
  pages = {891},
  year = {2012},
  doi = {10.6026/97320630008891},
}

@article{kyte1982simple,
  title = {A simple method for displaying the hydropathic character of a protein
           },
  author = {Kyte, Jack and Doolittle, Russell F},
  journal = {Journal of molecular biology},
  volume = {157},
  number = {1},
  pages = {105--132},
  year = {1982},
  doi = {10.1016/0022-2836(82)90515-0},
}

@article{Aportela2016,
  author = {Ram√≠rez-Aportela, Erney and L√≥pez-Blanco, Jos√© Ram√≥n and Chac√≥n,
            Pablo},
  title = {FRODOCK 2.0: fast protein‚Äìprotein docking server},
  journal = {Bioinformatics},
  volume = {32},
  number = {15},
  pages = {2386-2388},
  year = {2016},
  doi = {10.1093/bioinformatics/btw141},
}

@article{rentzsch2015docking,
  title = {Docking small peptides remains a great challenge: an assessment using
           AutoDock Vina},
  author = {Robert Rentzsch and Bernhard Y. Renard},
  journal = {Briefings in bioinformatics},
  year = {2015},
  volume = {16},
  pages = {1045-56},
  url = {https://api.semanticscholar.org/CorpusID:29548635},
}

@article{bajusz2015sim,
  title = {Why is Tanimoto index an appropriate choice for fingerprint-based
           similarity calculations?},
  author = {Bajusz, D. and R√°cz, A. and H√©berger, K.},
  journal = {Journal of cheminformatics},
  volume = {7},
  number = {1},
  pages = {1--13},
  year = {2015},
  doi = {https://doi.org/10.1016/0009-2614(85)80574-1},
}

@book{tanimoto1958elementary,
  title = {An Elementary Mathematical Theory of Classification and Prediction},
  author = {Tanimoto, T.T.},
  url = {https://books.google.co.in/books?id=yp34HAAACAAJ},
  year = {1958},
}

@article{jensen2020cerebral,
  title = {Cerebral Plasmodium falciparum malaria: The role of PfEMP1 in its
           pathogenesis and immunity, and PfEMP1-based vaccines to prevent it},
  author = {Jensen, Anja Ramstedt and Adams, Yvonne and Hviid, Lars},
  journal = {Immunological reviews},
  volume = {293},
  number = {1},
  pages = {230--252},
  year = {2020},
  doi = {10.1111/imr.12807},
}

@article{pasternak2009pfemp1,
  title = {PfEMP1: an antigen that plays a key role in the pathogenicity and
           immune evasion of the malaria parasite Plasmodium falciparum},
  author = {Pasternak, Noa D and Dzikowski, Ron},
  journal = {The international journal of biochemistry \& cell biology},
  volume = {41},
  number = {7},
  pages = {1463--1466},
  year = {2009},
  publisher = {Elsevier},
}

@article{scherf2008antigenic,
  title = {Antigenic variation in Plasmodium falciparum},
  author = {Scherf, Artur and Lopez-Rubio, Jose Juan and Riviere, Lo{\"\i}c},
  journal = {Annu. Rev. Microbiol.},
  volume = {62},
  pages = {445--470},
  year = {2008},
  doi = {https://doi.org/10.1146/annurev.micro.61.080706.093134},
}

@article{watson2023novo,
  title = {De novo design of protein structure and function with RFdiffusion},
  author = {Watson, Joseph L and Juergens, David and Bennett, Nathaniel R and
            Trippe, Brian L and Yim, Jason and Eisenach, Helen E and Ahern, Woody
            and Borst, Andrew J and Ragotte, Robert J and Milles, Lukas F and
            others},
  journal = {Nature},
  volume = {620},
  number = {7976},
  pages = {1089--1100},
  year = {2023},
  doi = {https://doi.org/10.1038/s41586-023-06415-8},
}

@article{dauparas2022robust,
  title = {Robust deep learning--based protein sequence design using ProteinMPNN
           },
  author = {Dauparas, Justas and Anishchenko, Ivan and Bennett, Nathaniel and
            Bai, Hua and Ragotte, Robert J and Milles, Lukas F and Wicky, Basile
            IM and Courbet, Alexis and de Haas, Rob J and Bethel, Neville and
            others},
  journal = {Science},
  volume = {378},
  number = {6615},
  pages = {49--56},
  year = {2022},
  doi = {DOI: 10.1126/science.add2187},
}

@article{shukla2023supervised,
  title = {Supervised learning of Plasmodium falciparum life cycle stages using
           single-cell transcriptomes identifies crucial proteins},
  author = {Shukla, Swarnim and Choudhuri, Soham and Iragavarapu, Gayathri Priya
            and Ghosh, Bhaswar},
  journal = {Journal of Bioinformatics and Systems Biology},
  volume = {6},
  pages = {31--46},
  year = {2023},
  doi = {10.26502/jbsb.5107047},
}

@article{choudhuri2024computational,
  title = {Computational approach for decoding Malaria Drug Targets from
           Single-Cell Transcriptomics and finding potential drug molecule},
  author = {Choudhuri, Soham and Ghosh, Bhaswar},
  journal = {bioRxiv},
  pages = {2024--01},
  year = {2024},
  doi = {https://www.biorxiv.org/content/10.1101/2024.01.22.576718v1.full.pdf},
}

@article{Berman2000,
  title = {The Protein Data Bank},
  author = {Berman, Helen M. and Westbrook, John and Feng, Zukang and Gilliland,
            Gary and Bhat, T. N. and Weissig, Helge and Shindyalov, Ilya N. and
            Bourne, Philip E.},
  journal = {Nucleic Acids Research},
  volume = {28},
  number = {1},
  pages = {235-242},
  year = {2000},
  doi = {10.1093/nar/28.1.235},
}

@article{gasteiger2003expasy,
  title = {ExPASy: the proteomics server for in-depth protein knowledge and
           analysis},
  author = {Gasteiger, Elisabeth and Gattiker, Alexandre and Hoogland, Christine
            and Ivanyi, Ivan and Appel, Ron D and Bairoch, Amos},
  journal = {Nucleic acids research},
  volume = {31},
  number = {13},
  pages = {3784--3788},
  year = {2003},
  doi = {10.1093/nar/gkg563},
}

@article{wang2023fully,
  title = {A fully differentiable ligand pose optimization framework guided by
           deep learning and a traditional scoring function},
  author = {Wang, Zechen and Zheng, Liangzhen and Wang, Sheng and Lin, Mingzhi
            and Wang, Zhihao and Kong, Adams Wai-Kin and Mu, Yuguang and Wei,
            Yanjie and Li, Weifeng},
  journal = {Briefings in Bioinformatics},
  volume = {24},
  number = {1},
  pages = {bbac520},
  year = {2023},
  doi = {https://doi.org/10.1093/bib/bbac520},
}

@article{adhikari2021reprogramming,
  title = {Reprogramming natural proteins using unnatural amino acids},
  author = {Adhikari, Anup and Bhattarai, Bibek Raj and Aryal, Ashika and Thapa,
            Niru and Puja, KC and Adhikari, Ashma and Maharjan, Sushila and
            Chanda, Prem B and Regmi, Bishnu P and Parajuli, Niranjan},
  journal = {RSC advances},
  volume = {11},
  number = {60},
  pages = {38126--38145},
  year = {2021},
  doi = {10.1039/d1ra07028b},
}
