@article{schneider2020rethinking,
  author = {Schneider, P., Walters, W.P., Plowright, A.T. et al.},
  title = {Rethinking drug design in the artificial intelligence era},
  journal = {Nat Rev Drug Discov},
  volume = 19,
  pages = {353--364},
  year = 2020,
  doi = {10.1038/s41573-019-0050-3},
}

@article{kitchen2004docking,
  author = {Kitchen DB, Decornez H, Furr JR, Bajorath J.},
  title = {Docking and scoring in virtual screening for drug discovery: methods
           and applications},
  journal = {Nat Rev Drug Discov},
  volume = 3,
  pages = {935--49},
  year = 2004,
  doi = {10.1038/nrd1549},
}

@article{shoichet2004virtual,
  author = {Shoichet, Brian K.},
  title = {Virtual screening of chemical libraries},
  journal = {Nature},
  volume = 432,
  pages = {862--5},
  year = 2004,
  doi = {10.1038/nature03197},
}

@article{cherkasov2014qsar,
  author = {Cherkasov, Artem et al.},
  title = {QSAR modeling: where have you been? Where are you going to?},
  journal = {Journal of medicinal chemistry},
  volume = 57,
  pages = {4977--5010},
  year = 2014,
  doi = {10.1021/jm4004285},
}

@article{gawehn2016dl,
  author = {Gawehn, Erik et al.},
  title = {Deep Learning in Drug Discovery},
  journal = {Molecular informatics},
  volume = 35,
  pages = {3--14},
  year = 2016,
  doi = {10.1002/minf.201501008},
}

@article{zeng2022deep,
  author = {Xiangxiang Zeng and Fei Wang and Yuan Luo and Seung-gu Kang and Jian
            Tang and Felice C. Lightstone and Evandro F. Fang and Wendy Cornell
            and Ruth Nussinov and Feixiong Cheng},
  title = {Deep generative molecular design reshapes drug discovery},
  journal = {Cell Reports Medicine},
  volume = {3},
  pages = {100794},
  year = {2022},
  doi = {10.1016/j.xcrm.2022.100794},
  url = {https://www.sciencedirect.com/science/article/pii/S2666379122003494},
}

@article{wang2022therapeutic,
  author = {Wang, L., Wang, N., Zhang, W.},
  title = {Therapeutic peptides: current applications and future directions},
  journal = {Sig Transduct Target Ther},
  volume = 7,
  year = 2022,
  doi = {10.1038/s41392-022-00904-4},
}

@article{madani2011mech,
  author = {Madani, Fatemeh et al.},
  title = {Mechanisms of cellular uptake of cell-penetrating peptides},
  journal = {Journal of biophysics},
  volume = 2011,
  year = 2011,
  doi = {10.1155/2011/414729},
}

@article{cesar2023adv,
  author = {Angela Cesaro and Shuangzhe Lin and Norbert Pardi and Cesar {de la
            Fuente-Nunez}},
  title = {Advanced delivery systems for peptide antibiotics},
  journal = {Advanced Drug Delivery Reviews},
  volume = {196},
  pages = {114733},
  year = {2023},
  doi = {10.1016/j.addr.2023.114733},
  url = {https://www.sciencedirect.com/science/article/pii/S0169409X23000480},
}

@article{purcell2007vaccine,
  author = {Purcell, Anthony W et al.},
  title = {More than one reason to rethink the use of peptides in vaccine design
           },
  journal = {Nat Rev Drug Discov},
  volume = 6,
  pages = {404--14},
  year = 2007,
  doi = {10.1038/nrd2224},
}

@article{muttenthaler2021trends,
  author = {Muttenthaler, Markus et al.},
  title = {Trends in peptide drug discovery},
  journal = {Nat Rev Drug Discov},
  volume = 20,
  pages = {309--325},
  year = 2021,
  doi = {10.1038/s41573-020-00135-8},
}

@article{hayes2021cycl,
  author = {Heather C. Hayes, Louis Y. P. Luk, Yu-Hsuan Tsai},
  title = {Approaches for peptide and protein cyclisation},
  journal = {Org Biomol Chem},
  volume = 19,
  pages = {3983-4001},
  year = 2021,
  doi = {10.1039/d1ob00411e},
}

@article{li2022nonnat,
  author = {Li. Yiwen, Dalby. Paul A.},
  title = {Engineering of enzymes using non-natural amino acids},
  journal = {Biosci Rep},
  volume = 42,
  year = 2022,
  doi = {10.1042/BSR20220168},
}

@article{duguma2022ethiopia,
  author = {Duguma, Tadesse et al.},
  title = {Prevalence of Malaria and Associated Risk Factors among the Community
           of Mizan-Aman Town and Its Catchment Area in Southwest Ethiopia},
  journal = {Journal of parasitology research},
  volume = 2022,
  year = 2022,
  doi = {10.1155/2022/3503317},
}

@article{ghosh2021malaria,
  author = {Ghosh, B., Choudhuri, S.},
  title = {Drug Design for Malaria with Artificial Intelligence (AI)},
  journal = {IntechOpen},
  volume = 2021,
  year = 2021,
  doi = {10.5772/intechopen.98695},
}

@article{jain2022pregnancy,
  author = {Jain, Khushi et al.},
  title = {Prevalence of Pregnancy Associated Malaria in India},
  journal = {Frontiers in global women's health},
  volume = 3,
  year = 2022,
  doi = {10.3389/fgwh.2022.832880},
}

@article{cristina2020pregnancy,
  author = {Deisy Cristina Restrepo-Posada, Jaime Carmona-Fonseca, and Jaiberth
            Antonio Cardona-Arias},
  title = {Systematic review of microeconomic analysis of pregnancy-associated
           malaria},
  journal = {Heliyon},
  volume = 6,
  year = 2020,
  doi = {10.1016/j.heliyon.2020.e04558},
}

@article{fairhurst2012artemisinin,
  author = {Fairhurst, Rick M et al.},
  title = {Artemisinin-resistant malaria: research challenges, opportunities,
           and public health implications.},
  journal = {The American journal of tropical medicine and hygiene},
  volume = 87,
  year = 2012,
  doi = {10.4269/ajtmh.2012.12-0025},
}

@article{shukla2022super,
  author = {Swarnim Shukla, Soham Choudhuri, Gayathri Priya Iragavarapu, and
            Bhaswar Ghosh},
  title = {Supervised learning of Plasmodium falciparum life cycle stages using
           single-cell transcriptomes identifies crucial proteins},
  journal = {Journal of Bioinformatics and Systems Biology},
  volume = 6,
  year = 2023,
  url = {
         https://www.fortunejournals.com/articles/supervised-learning-of-plasmodium-falciparum-life-cycle-stages-using-singlecell-transcriptomes-identifies-crucial-proteins.html
         },
}

@article{li2009pfemp1,
  author = {Xuerong Li and Huiqing Chen and Noemi Bahamontes-Rosa and Jurgen
            F.J. Kun and Boubacar Traore and Peter D. Crompton and Athar H.
            Chishti},
  title = {Plasmodium falciparum signal peptide peptidase is a promising drug
           target against blood stage malaria},
  journal = {Biochemical and Biophysical Research Communications},
  volume = {380},
  number = {3},
  pages = {454-459},
  year = {2009},
  doi = {10.1016/j.bbrc.2009.01.083},
  url = {https://www.sciencedirect.com/science/article/pii/S0006291X0900120X},
}

@article{jensen2020pfemp1,
  author = {Anja Ramstedt Jensen, Yvonne Adams, and Lars Hviid},
  title = {Cerebral Plasmodium falciparum malaria: The role of PfEMP1 in its
           pathogenesis and immunity, and PfEMP1‚Äêbased vaccines to prevent it},
  journal = {Immunol Rev},
  volume = {293},
  pages = {230-252},
  year = {2020},
  doi = {10.1111/imr.12807},
}

@article{chang2022rational,
  author = {Chang, Liwei and Mondal, Arup and Perez, Alberto},
  title = {Towards rational computational peptide design},
  journaL = {Frontiers in Bioinformatics},
  volume = {2},
  year = {2022},
  url = {https://www.frontiersin.org/articles/10.3389/fbinf.2022.1046493},
  doi = {10.3389/fbinf.2022.1046493},
}

